@article{Chen:2014wiw,
      author         = "Chen, Gaoli and P{\'e}rez, M. Jay and Ramond, Pierre",
      title          = "{Neutrino masses, the $\mu$-term and $\mathcal{
                        PSL}_2(7)$}",
      journal        = "Phys. Rev.",
      volume         = "D92",
      year           = "2015",
      number         = "7",
      pages          = "076006",
      doi            = "10.1103/PhysRevD.92.076006",
      eprint         = "1412.6107",
      archivePrefix  = "arXiv",
      primaryClass   = "hep-ph",
      SLACcitation   = "%%CITATION = ARXIV:1412.6107;%%"
}

@article{Kile:2013gla,
      author         = "Kile, Jennifer and P{\'e}rez, M. Jay and Ramond, Pierre and
                        Zhang, Jue",
      title          = "{Majorana Physics Through the Cabibbo Haze}",
      journal        = "JHEP",
      volume         = "02",
      year           = "2014",
      pages          = "036",
      doi            = "10.1007/JHEP11(2014)158, 10.1007/JHEP02(2014)036",
      note           = "[Erratum: JHEP11,158(2014)]",
      eprint         = "1311.4553",
      archivePrefix  = "arXiv",
      primaryClass   = "hep-ph",
      SLACcitation   = "%%CITATION = ARXIV:1311.4553;%%"
}

@article{Holthausen:2012dk,
      author         = "Holthausen, Martin and Lindner, Manfred and Schmidt,
                        Michael A.",
      title          = "{CP and Discrete Flavour Symmetries}",
      journal        = "JHEP",
      volume         = "04",
      year           = "2013",
      pages          = "122",
      doi            = "10.1007/JHEP04(2013)122",
      eprint         = "1211.6953",
      archivePrefix  = "arXiv",
      primaryClass   = "hep-ph",
      SLACcitation   = "%%CITATION = ARXIV:1211.6953;%%"
}

@article{Feruglio:2012cw,
      author         = "Feruglio, Ferruccio and Hagedorn, Claudia and Ziegler,
                        Robert",
      title          = "{Lepton Mixing Parameters from Discrete and CP
                        Symmetries}",
      journal        = "JHEP",
      volume         = "07",
      year           = "2013",
      pages          = "027",
      doi            = "10.1007/JHEP07(2013)027",
      eprint         = "1211.5560",
      archivePrefix  = "arXiv",
      primaryClass   = "hep-ph",
      reportNumber   = "DFPD-2012-TH-21, TUM-HEP-868-12",
      SLACcitation   = "%%CITATION = ARXIV:1211.5560;%%"
}

@article{Chen:2014tpa,
      author         = "Chen, Mu-Chun and Fallbacher, Maximilian and Mahanthappa,
                        K. T. and Ratz, Michael and Trautner, Andreas",
      title          = "{CP Violation from Finite Groups}",
      journal        = "Nucl. Phys.",
      volume         = "B883",
      year           = "2014",
      pages          = "267-305",
      doi            = "10.1016/j.nuclphysb.2014.03.023",
      eprint         = "1402.0507",
      archivePrefix  = "arXiv",
      primaryClass   = "hep-ph",
      reportNumber   = "UCI-TR-2014-01, TUM-HEP-929-14, FLAVOR-EU-64, CU-HEP-584",
      SLACcitation   = "%%CITATION = ARXIV:1402.0507;%%"
}

@article{Fallbacher:2015rea,
      author         = "Fallbacher, Maximilian and Trautner, Andreas",
      title          = "{Symmetries of symmetries and geometrical CP violation}",
      journal        = "Nucl. Phys.",
      volume         = "B894",
      year           = "2015",
      pages          = "136-160",
      doi            = "10.1016/j.nuclphysb.2015.03.003",
      eprint         = "1502.01829",
      archivePrefix  = "arXiv",
      primaryClass   = "hep-ph",
      reportNumber   = "TUM-HEP-980-15, FLAVOUR(267104)-ERC-89",
      SLACcitation   = "%%CITATION = ARXIV:1502.01829;%%"
}

@article{Denton:2016wmg,
      author         = "Denton, Peter B. and Minakata, Hisakazu and Parke,
                        Stephen J.",
      title          = "{Compact Perturbative Expressions For Neutrino
                        Oscillations in Matter}",
      journal        = "JHEP",
      volume         = "06",
      year           = "2016",
      pages          = "051",
      doi            = "10.1007/JHEP06(2016)051",
      eprint         = "1604.08167",
      archivePrefix  = "arXiv",
      primaryClass   = "hep-ph",
      reportNumber   = "FERMILAB-PUB-16-126-T, YACHAY-PUB-16-01-PN",
      SLACcitation   = "%%CITATION = ARXIV:1604.08167;%%"
}

@article{Luhn:2007yr,
      author         = "Luhn, Christoph and Nasri, Salah and Ramond, Pierre",
      title          = "{Simple Finite Non-Abelian Flavor Groups}",
      journal        = "J.Math.Phys.",
      volume         = "48",
      pages          = "123519",
      doi            = "10.1063/1.2823978",
      year           = "2007",
      eprint         = "0709.1447",
      archivePrefix  = "arXiv",
      primaryClass   = "hep-th",
      reportNumber   = "UFIFT-HEP-07-13",
      SLACcitation   = "%%CITATION = ARXIV:0709.1447;%%",
}
